@article{knuth1984,
  author    = {Knuth, Donald E.},
  title     = {Literate Programming},
  journal   = {The Computer Journal},
  year      = {1984},
  volume    = {27},
  number    = {2},
  pages     = {97--111},
  publisher = {Oxford University Press}
}

@book{lamport1994,
  author    = {Lamport, Leslie},
  title     = {LaTeX: A Document Preparation System},
  year      = {1994},
  edition   = {2nd},
  publisher = {Addison-Wesley}
}

@inproceedings{tantau2004,
  author    = {Tantau, Till},
  title     = {The Beamer Class},
  booktitle = {Proceedings of the TeX Users Group Conference},
  year      = {2004},
  pages     = {123--130}
}

@manual{mittelbach2004,
  author       = {Mittelbach, Frank and Goossens, Michel},
  title        = {The LaTeX Companion},
  year         = {2004},
  edition      = {2nd},
  organization = {Addison-Wesley}
}

@misc{kingma2017adammethodstochasticoptimization,
      title={Adam: A Method for Stochastic Optimization}, 
      author={Diederik P. Kingma and Jimmy Ba},
      year={2017},
      eprint={1412.6980},
      archivePrefix={arXiv},
      primaryClass={cs.LG},
      url={https://arxiv.org/abs/1412.6980}, 
}